@book{TeX-book,
author = {Donald E. Knuth},
title = {The {\TeX}book},
publisher = {Addison-Wesley},
year = 1984,
isbn = 0-201-03801-3,
}